@misc{ChaiChat90:online,
  author       = {},
  title        = {Chai - Chat with AI},
  howpublished = {\url{https://chai.ml/}},
  month        = {},
  year         = {},
  note         = {(Accessed on 09/14/2022)}
}

@book{murphy2000introduction,
  title     = {Introduction to AI Robotics},
  author    = {Murphy, R. and Murphy, R.R. and Arkin, R.C.},
  isbn      = {9780262133838},
  lccn      = {00033251},
  series    = {A Bradford book},
  url       = {https://books.google.ne/books?id=RVlnL\_X6FrwC},
  year      = {2000},
  publisher = {MIT Press},
  pages     = {4}
}

@unknown{Sifakis,
author = {Sifakis, Joseph},
year = {2018},
month = {11},
pages = {},
title = {Autonomous Systems -- An Architectural Characterization}
}