@misc{enwiki:1113015553,
  author = {{Wikipedia contributors}},
  title  = {Sustainability --- {Wikipedia}{, }The Free Encyclopedia},
  year   = {2022},
  url    = {https://en.wikipedia.org/w/index.php?title=Sustainability&oldid=1113015553},
  note   = {[Online; accessed 4-October-2022]}
}

@article{vinuesa2020role,
  title={The role of artificial intelligence in achieving the Sustainable Development Goals},
  author={Vinuesa, Ricardo and Azizpour, Hossein and Leite, Iolanda and Balaam, Madeline and Dignum, Virginia and Domisch, Sami and Fell{\"a}nder, Anna and Langhans, Simone Daniela and Tegmark, Max and Fuso Nerini, Francesco},
  journal={Nature communications},
  volume={11},
  number={1},
  pages={1--10},
  year={2020},
  publisher={Nature Publishing Group}
}